@book{rudin1976principles,
  title={Principles of Mathematical Analysis},
  author={Rudin, W.},
  isbn={9780070856134},
  lccn={75179033},
  series={International series in pure and applied mathematics},
  url={https://books.google.com.br/books?id=kwqzPAAACAAJ},
  year={1976},
  publisher={McGraw-Hill}
}

@book{rudin1991functional,
  title={Functional Analysis},
  author={Rudin, W.},
  isbn={9780070542365},
  lccn={lc90005677},
  series={International series in pure and applied mathematics},
  url={https://books.google.com.br/books?id=Sh\_vAAAAMAAJ},
  year={1991},
  publisher={McGraw-Hill}
}
@book{grubb2008distributions,
  title={Distributions and Operators},
  author={Grubb, G.},
  isbn={9780387848945},
  lccn={2008937582},
  series={Graduate Texts in Mathematics},
  url={https://books.google.com.br/books?id=v7ydobPDBMgC},
  year={2008},
  publisher={Springer New York}
}

@book{spivak1971calculus,
  title={Calculus On Manifolds: A Modern Approach To Classical Theorems Of Advanced Calculus},
  author={Spivak, M.},
  isbn={9780813346120},
  url={https://books.google.com.br/books?id=epA4DgAAQBAJ},
  year={1971},
  publisher={Avalon Publishing}
}

@book{apostol2004mathematical,
  title={Mathematical Analysis: },
  author={Apostol, T.M.},
  isbn={9787111146896},
  series={HZ Books},
  url={https://books.google.com.br/books?id=ZRK-PAAACAAJ},
  year={2004},
  publisher={China Machine Press}
}
@inproceedings{nelson1961proof,
  title={A proof of Liouvilleâ€™s theorem},
  author={Nelson, Edward},
  booktitle={Proc. AMS},
  volume={12},
  pages={995},
  year={1961},
  note={\url{https://www.ams.org/journals/proc/1961-012-06/S0002-9939-1961-0259149-4/}}
}

@book{reed2012methods,
  title={Methods of Modern Mathematical Physics: Functional Analysis},
  author={Reed, Michael and Simon, Barry},
  year={2012},
  publisher={Elsevier}
}

@book{douglas1998banach,
  title={Banach Algebra Techniques in Operator Theory},
  author={Douglas, Ronald G},
  volume={179},
  year={1998},
  publisher={Springer Science \& Business Media}
}

@article{sokal2011uniform,
author = {Alan D. Sokal},
title = {A Really Simple Elementary Proof of the Uniform Boundedness Theorem},
journal = {The American Mathematical Monthly},
volume = {118},
number = {5},
pages = {450-452},
year  = {2011},
publisher = {Taylor & Francis},
doi = {10.4169/amer.math.monthly.118.05.450},
note = {\url{https://www.tandfonline.com/doi/abs/10.4169/amer.math.monthly.118.05.450}},
eprint = {https://www.tandfonline.com/doi/pdf/10.4169/amer.math.monthly.118.05.450}
}

@article{alaoglu1940,
 ISSN = {0003486X},
 URL = {http://www.jstor.org/stable/1968829},
 author = {Leon Alaoglu},
 journal = {Annals of Mathematics},
 number = {1},
 pages = {252--267},
 publisher = {Annals of Mathematics},
 title = {Weak Topologies of Normed Linear Spaces},
 urldate = {2022-08-06},
 volume = {41},
 year = {1940}
}

@book{simmons1963introduction,
  title={Introduction to Topology and Modern Analysis},
  author={Simmons, George F},
  volume={44},
  year={1963},
  publisher={Tokyo}
}

@article{dontchev2020bartle,
  title={Bartle-Graves Theorem Revisited},
  author={Dontchev, Asen L},
  journal={Set-Valued and Variational Analysis},
  volume={28},
  number={1},
  pages={109--122},
  year={2020},
  publisher={Springer},
  NOTE={\url{https://link.springer.com/article/10.1007/s11228-019-00524-1}}
}

@misc{aliprantisinfinite,
  title={Infinite Dimensional Analysis},
  author={Aliprantis, Ch D and Border, KC},
  year={1994},
  publisher={Springer-Verlag}
}

@article{carleson1966convergence,
  title={On convergence and growth of partial sums of Fourier series},
  author={Carleson, Lennart},
  year={1966},
  journal = {Uppsala, Sweden, and Stanford California, U.S.A.},
  note = {\url{http://archive.ymsc.tsinghua.edu.cn/pacm_download/117/6015-11511_2006_Article_BF02392815.pdf}}
}

@article{baire1899fonctions,
  title={Sur les fonctions de variables r{\'e}elles},
  author={Baire, Ren{\'e}},
  journal={Annali di Matematica Pura ed Applicata (1898-1922)},
  volume={3},
  pages={1--123},
  year={1899},
  publisher={Springer}
}